@Book{xie2015,
  author = {Yihui Xie},
  title = {Dynamic Documents with {R} and knitr},
  publisher = {Chapman and Hall/CRC},
  address = {Boca Raton, Florida},
  year = {2015},
  edition = {2nd},
  note = {ISBN 978-1498716963},
  url = {http://yihui.name/knitr/}
}

@Book{AdvancedR,
  author = {Wickham Hadley},
  title = {Advanced R},
  publisher = {Chapman and Hall/CRC},
  address = {Boca Raton, Florida},
  year = {2019},
  edition = {2nd},
  note = {ISBN 978-0815384571},
  url = {https://adv-r.hadley.nz/}
}

@book{R4DS,
author = {Wickham, Hadley and Grolemund, Garrett},
title = {R for Data Science: Import, Tidy, Transform, Visualize, and Model Data},
year = {2017},
isbn = {1491910399},
publisher = {O'Reilly Media, Inc.},
edition = {1st},
abstract = {Learn how to use R to turn raw data into insight, knowledge, and understanding. This book introduces you to R, RStudio, and the tidyverse, a collection of R packages designed to work together to make data science fast, fluent, and fun. Suitable for readers with no previous programming experience, R for Data Science is designed to get you doing data science as quickly as possible. Authors Hadley Wickham and Garrett Grolemund guide you through the steps of importing, wrangling, exploring, and modeling your data and communicating the results. Youll get a complete, big-picture understanding of the data science cycle, along with basic tools you need to manage the details. Each section of the book is paired with exercises to help you practice what youve learned along the way. Youll learn how to: Wrangletransform your datasets into a form convenient for analysisProgramlearn powerful R tools for solving data problems with greater clarity and easeExploreexamine your data, generate hypotheses, and quickly test themModelprovide a low-dimensional summary that captures true "signals" in your datasetCommunicatelearn R Markdown for integrating prose, code, and results}
}

@book{thinkrShiny,
    title = "Engineering Production-Grade Shiny Apps",
    author = "Colin Fay, SÃ©bastien Rochette, Vincent Guyader, Cervan Girard",
    publisher = "Chapman and Hall/CRC ",
    year = "2020 "
 }